@online{commands,
	author = "Richard Blum",
	title = "Basic Linux commands",
	url = "http://www.dummies.com/computers/operating-systems/linux/common-linux-commands/",
	keywords = "commands,linux"	
}

@online{directorystructure,
	author = "Ramesh Natarajan",
	title = "Linux Directory Structure (File System Structure) Explained with Examples",
	url = "http://www.thegeekstuff.com/2010/09/linux-file-system-structure/?utm_source=tuicool",
	keywords = "linux, directory"
}

@online{
	piperedirection,
	title = "LINUX Redirection and the Command-line Pipe",
	url = "http://faculty.cs.niu.edu/~hutchins/csci480/linuxpipe.htm",
	keywords = "pipe,redirection"
}
@online{
	jobcontrol,
	title = "Job Control Commands",
	url = "http://tldp.org/LDP/abs/html/x9644.html",
	keywords = "pipe,redirection"
}

@online{
	curlweb,
	title = "curl",
	url = "https://curl.haxx.se",
	keywords = "curl , linux"
}
@online{
	wgetweb,
	title = "GNU Wget",
	url = "https://www.gnu.org/software/wget/",
	keywords = "wget , linux"
}
@online{
	ftpweb1,
	title = "File Transfer Protocol",
	url = "https://en.wikipedia.org/wiki/File_Transfer_Protocol",
	keywords = "ftp , linux"
}
@online{
	ftpweb2,
	title = "Basic FTP Commands",
	url = "https://www.cs.colostate.edu/helpdocs/ftp.html",
	keywords = "ftp , linux"
}

@online{
	grepweb,
	title = "grep",
	url = "http://linuxcommand.org/man_pages/grep1.html",
	keywords = "grep , linux"
}

@online{
	gitdoc,
	title = "Documentaton",
	url = "https://git-scm.com/documentation",
	keywords = "git"
}

@online{
	gitdoc1,
	title = "Tutorials",
	url = "https://www.atlassian.com/git/tutorials",
	keywords = "git"
}

@online{
	perlweb,
	title = "The PERL programming language",
	url = "https://www.perl.org",
	keywords = "perl"
}

@online{
	perlbook,
	title = "Beginning Perl",
	url = "https://www.perl.org/books/beginning-perl/",
	keywords = "perl"
}

@online{
	lamp,
	title = "How To Install Linux, Apache, MySQL, PHP (LAMP) stack on Ubuntu",
	url = "https://www.digitalocean.com/community/tutorials/how-to-install-linux-apache-mysql-php-lamp-stack-on-ubuntu",
	keywords = "lamp"
}

@book{
	linuxbook,
	title = "Linux: The Complete Reference",
	author = "Richard Petersen",
	isbn = "0070222940",
	publisher = "McGraw Hill Education",
	year = "2007"

}



@book{
	shellbook,
	title = "Classic Shell Scripting",
	author = "Arnold Robbins",
	isbn = "8173668469",
	publisher = "Shroff/O'Reilly; First edition (18 May 2005)",
	year = "2005"
}

@book{
	shellbible,
	title = "Linux Command Line and Shell Scripting Bible",
	author = "Richard Blum",
	isbn = "8126554983",
	publisher = "Wiley; Third edition (27 April 2015)",
	year = "2015"
}

